@article{cheng2021mlann,
  author    = {Fan Cheng and
               Rob J. Hyndman and
               Anastasios Panagiotelis},
  title     = {Manifold learning with approximate nearest neighbors},
  journal   = {CoRR},
  volume    = {abs/2103.11773},
  year      = {2021},
  url       = {https://arxiv.org/abs/2103.11773},
  archivePrefix = {arXiv},
  eprint    = {2103.11773},
  timestamp = {Wed, 24 Mar 2021 15:50:40 +0100},
  biburl    = {https://dblp.org/rec/journals/corr/abs-2103-11773.bib},
  bibsource = {dblp computer science bibliography, https://dblp.org}
}
